@inproceedings{crank1947practical,
  title={A practical method for numerical evaluation of solutions of partial differential equations of the heat-conduction type},
  author={Crank, John and Nicolson, Phyllis},
  booktitle={Mathematical proceedings of the Cambridge philosophical society},
  volume={43},
  number={1},
  pages={50--67},
  year={1947},
  organization={Cambridge University Press}
}

@article{taylor1937mechanism,
  title={Mechanism of the production of small eddies from large ones},
  author={Taylor, Geoffrey Ingram and Green, Albert Edward},
  journal={Proceedings of the Royal Society of London. Series A-Mathematical and Physical Sciences},
  volume={158},
  number={895},
  pages={499--521},
  year={1937},
  publisher={The Royal Society London}
}

@article{chorin1968numerical,
  title={Numerical solution of the Navier-Stokes equations},
  author={Chorin, Alexandre Joel},
  journal={Mathematics of computation},
  volume={22},
  number={104},
  pages={745--762},
  year={1968}
}


@book{dhondt2004finite,
  title={The finite element method for three-dimensional thermomechanical applications},
  author={Dhondt, Guido},
  year={2004},
  publisher={John Wiley \& Sons}
}

@article{dhondt2017calculix,
  title={Calculix crunchix userâ€™s manual version 2.12},
  author={Dhondt, Guido},
  pages={300},
  year={2023}
}

@online{perpendicularFlap,
  title = {preCICE Tutorials: Perpendicular flap},
  url = {https://precice.org/tutorials-perpendicular-flap.html},
  accessed = {8th March 2024}
}

@article{yau2016conjugate,
  title={Conjugate heat transfer with the multiphysics coupling library preCICE},
  author={Yau, L Cheung},
  journal={Computational Science and Engineering Technische University: M{\"u}nchen, Germany},
  year={2016}
}

@online{pullrequestfake-fluid,
  author       = {Benjamin Rodenberg},
  title        = {Add a fluid-fake for easier debugging},
  year         = {2024},
  url          = {https://github.com/precice/tutorials/pull/472},
  note         = {GitHub pull request},
  organization = {GitHub},
  accessed     = {3rd April 2024},
}

@article{weller1998tensorial,
  title={A tensorial approach to computational continuum mechanics using object-oriented techniques},
  author={Weller, Henry G and Tabor, Gavin and Jasak, Hrvoje and Fureby, Christer},
  journal={Computers in physics},
  volume={12},
  number={6},
  pages={620--631},
  year={1998},
  publisher={American Institute of Physics}
}

@online{calculix-web,
  author       = {Dhondt, Guido},
  title        = {CALCULIX: A Free Software Three-Dimensional Structural Finite Element Program},
  year         = {2024},
  url          = {http://www.calculix.de/},
  accessed     = {3rd April 2024},
}

@article{preCICEv2,
  author = {Chourdakis, G and Davis, K and Rodenberg, B and Schulte, M and Simonis, F and Uekermann, B and Abrams, G and Bungartz, HJ and Cheung Yau, L and Desai, I and Eder, K and Hertrich, R and Lindner, F and Rusch, A and Sashko, D and Schneider, D and Totounferoush, A and Volland, D and Vollmer, P and Koseomur, OZ},
  title = {{preCICE} v2: A sustainable and user-friendly coupling library [version 2; peer review: 2 approved]
  },
  journal = {Open Research Europe},
  volume = {2},
  year = {2022},
  number = {51},
  doi = {10.12688/openreseurope.14445.2},
  url = {https://doi.org/10.12688/openreseurope.14445.2}
}
